@book{shao-1999,
	author    = {Jun Shao},
	year      = {1999},
	title     = {Mathematical Statistics},
	location  = {New York},
	publisher = {Springer},
	isbn      = {0-387-98674-X},
}
