@misc{sarig-2023,
	author   = {Omri Sarig},
	year     = {2023},
	title    = {Lecture Notes on Ergodic Theory},
	url      = {https://www.weizmann.ac.il/math/sarigo},
}
