@article{akaike-1974,
	title        = {A new look at the statistical model identification},
	author       = {Akaike, H.},
	date         = {1974},
	journaltitle = {IEEE Transactions on Automatic Control},
	doi          = {10.1109/TAC.1974.1100705},
	number       = {6},
	pages        = {716--723},
	volume       = {19},
}

