@misc{duchi-2023,
	author   = {John Duchi},
	year     = {2024},
	title    = {Lecture Notes on Statistics and Information Theory},
	url      = {https://web.stanford.edu/class/stats311/lecture-notes.pdf},
}
