@book{rubinstein-2006,
	author    = {Ariel Rubinstein},
	year      = {2006},
	title     = {Lecture Notes in Microeconomic Theory},
	publisher = {Princeton University Press},
	isbn      = {978-0691120317},
}

@book{maskin-sen-2014,
	author    = {Eric Maskin and Amartya Sen},
	year      = {2014},
	title     = {The Arrow Impossibility Theorem},
	publisher = {Columbia University Press},
	isbn      = {978-0-231-15328-7},
}
